@article{buterin2017casper,
  title={Casper the Friendly Finality Gadget},
  author={Buterin, Vitalik and Griffith, Virgil},
  journal={arXiv preprint arXiv:1710.09437},
  year={2017},
  note={Žiūrėta 2018-05-27.}
}

@article{bano2017consensus,
  title={Consensus in the Age of Blockchains},
  author={Bano, Shehar and Sonnino, Alberto and Al-Bassam, Mustafa and Azouvi, Sarah and McCorry, Patrick and Meiklejohn, Sarah and Danezis, George},
  journal={arXiv preprint arXiv:1711.03936},
  year={2017},
  note={Žiūrėta 2018-05-27.}
}

@misc{buterin2014next,
  title={A next-generation smart contract and decentralized application platform},
  author={Buterin, Vitalik and others},
  journal={White paper},
  howpublished={\url{https://github.com/ethereum/wiki/wiki/White-Paper#a-next-generation-smart-contract-and-decentralized-application-platform}},
  year={2014},
  note={Žiūrėta 2018-05-26.}
}

@misc{catalini2017some,
  title={Some Simple Economics of the Blockchain. Rotman School of Management Working Paper No. 2874598},
  author={Catalini, Christian and Gans, Joshua S},
  journal={Available at SSRN 2874598},
  number={5191-16},
  year={2017},
  publisher={MIT Sloan Research Paper},
  note={Žiūrėta 2018-05-05.}
}

@techreport{catalini2018initial,
  title={Initial coin offerings and the value of crypto tokens},
  author={Catalini, Christian and Gans, Joshua S},
  year={2018},
  institution={National Bureau of Economic Research},
  note={Žiūrėta 2018-05-19.}
}

@article{chiu2017economics,
  title={The economics of cryptocurrencies--bitcoin and beyond},
  author={Chiu, Jonathan and Koeppl, Thorsten V},
  year={2017},
  note={Žiūrėta 2018-05-05.}
}

@misc{Cox2018next,
  title={EOS.IO Technical White Paper},
  author={Cox, T.},
  journal={technical white paper},
  howpublished={\url{https://github.com/EOSIO/Documentation/blob/master/TechnicalWhitePaper.md}},
  year={2018},
  note={Žiūrėta 2018-06-02.}
}

@article{crosby2016blockchain,
  title={Blockchain technology: Beyond bitcoin},
  author={Crosby, Michael and Pattanayak, Pradan and Verma, Sanjeev and Kalyanaraman, Vignesh},
  journal={Applied Innovation},
  volume={2},
  pages={6--10},
  year={2016},
  note={Žiūrėta 2018-04-21.}
}

@article{chen2017inter,
  title={Inter-Blockchain Communication},
  author={CHEN, Zhi-dong and Zhuo, YU and DUAN, Zhang-bo and Kai, HU},
  journal={DEStech Transactions on Computer Science and Engineering},
  number={cst},
  year={2017},
  note={Žiūrėta 2018-06-03.}
}

@inproceedings{delmolino2016step,
  title={Step by step towards creating a safe smart contract: Lessons and insights from a cryptocurrency lab},
  author={Delmolino, Kevin and Arnett, Mitchell and Kosba, Ahmed and Miller, Andrew and Shi, Elaine},
  booktitle={International Conference on Financial Cryptography and Data Security},
  pages={79--94},
  year={2016},
  organization={Springer},
  note={Žiūrėta 2018-05-20.}
}

@misc{deloite2017,
  author={Deloitte},
  title={Key Characteristics of the Blockchain},
  howpublished={\url{https://www2.deloitte.com/content/dam/Deloitte/in/Documents/industries/in-convergence-bl  ckchain-key-characteristics-noexp.pdf}},
  year={2017}, 
  langid={english},
  note={Žiūrėta 2018-05-05.}
}

@article{ekparinya2018double,
  title={Double-Spending Risk Quantification in Private, Consortium and Public Ethereum Blockchains},
  author={Ekparinya, Parinya and Gramoli, Vincent and Jourjon, Guillaume},
  journal={arXiv preprint arXiv:1805.05004},
  year={2018},
  note={Žiūrėta 2018-05-27.}
}

@misc{ehrsam1978message,
  title={Message verification and transmission error detection by block chaining},
  author={Ehrsam, William F and Meyer, Carl HW and Smith, John L and Tuchman, Walter L},
  year={1978},
  month=feb # "~14",
  publisher={Google Patents},
  note={US Patent 4,074,066. Žiūrėta 2018-04-21}
}

@article{fekkes2018comparing,
  title={Comparing Bitcoin and Ethereum},
  author={Fekkes, Lotte and Batina, Lejla and Papachristodoulou, Louiza and de Ruiter, Joeri},
  year={2018},
  note={Žiūrėta 2018-05-27.}
}

@article{folkinshteyn2015tale,
  title={A tale of twin tech: Bitcoin and the www},
  author={Folkinshteyn, Daniel and Lennon, Mark M and Reilly, Timothy},
  year={2015},
  note={Žiūrėta 2018-04-21.}
}

@article{hale2018futures,
  title={How Futures Trading Changed Bitcoin Prices},
  author={Hale, Galina and Krishnamurthy, Arvind and Kudlyak, Marianna and Shultz, Patrick and others},
  journal={FRBSF Economic Letter},
  volume={2018},
  pages={12},
  year={2018},
  publisher={Federal Reserve Bank of San Francisco},
  note={Žiūrėta 2018-04-21.}
}

@inproceedings{herbert2015novel,
  title={A novel method for decentralised peer-to-peer software license validation using cryptocurrency blockchain technology},
  author={Herbert, Jeff and Litchfield, Alan},
  booktitle={Proceedings of the 38th Australasian Computer Science Conference (ACSC 2015)},
  volume={27},
  pages={30},
  year={2015},
  note={Žiūrėta 2018-05-19.}
}

@techreport{hildenbrandt2017kevm,
  title={KEVM: A Complete Semantics of the Ethereum Virtual Machine},
  author={Hildenbrandt, Everett and Saxena, Manasvi and Zhu, Xiaoran and Rodrigues, Nishant and Daian, Philip and Guth, Dwight and Rosu, Grigore},
  year={2017},
  note={Žiūrėta 2018-05-26.}
}

@article{jiao2018auction,
  title={Auction Mechanisms in Cloud/Fog Computing Resource Allocation for Public Blockchain Networks},
  author={Jiao, Yutao and Wang, Ping and Niyato, Dusit and Suankaewmanee, Kongrath},
  journal={arXiv preprint arXiv:1804.09961},
  year={2018},
  note={Žiūrėta 2018-05-19.}
}

@article{lansky2018possible,
  title={Possible State Approaches to Cryptocurrencies},
  author={Lansky, Jan},
  journal={Journal of Systems Integration},
  volume={9},
  number={1},
  pages={19},
  year={2018},
  publisher={Journal of Systems Integration},
  note={Žiūrėta 2018-05-06.}
}

@inproceedings{luu2016making,
  title={Making smart contracts smarter},
  author={Luu, Loi and Chu, Duc-Hiep and Olickel, Hrishi and Saxena, Prateek and Hobor, Aquinas},
  booktitle={Proceedings of the 2016 ACM SIGSAC Conference on Computer and Communications Security},
  pages={254--269},
  year={2016},
  organization={ACM},
  note={Žiūrėta 2018-05-26.}
}

@misc{nakamoto2008bitcoin,
  title={Bitcoin: A peer-to-peer electronic cash system},
  author={Nakamoto, Satoshi},
  howpublished={\url{https://bitcoin.org/bitcoin.pdf}},
  year={2008},
  note={Žiūrėta 2018-04-21.}
}

@article{poon2017plasma,
  title={Plasma: Scalable Autonomous Smart Contracts},
  author={Poon, Joseph and Buterin, Vitalik},
  journal={White paper},
  year={2017},
  note={Žiūrėta 2018-05-27.}
}

@article{poon2016bitcoin,
  title={The bitcoin lightning network: Scalable off-chain instant payments},
  author={Poon, Joseph and Dryja, Thaddeus},
  journal={draft version 0.5},
  volume={9},
  pages={14},
  year={2016},
  note={Žiūrėta 2018-06-02.}
}

@article{pietrewicz2017emerging,
  title={Emerging trends in entrepreneurial finance: The rise of ICOs},
  author={Pietrewicz, Les{\l}aw},
  year={2017},
  note={Žiūrėta 2018-05-20.}
}

@article{park2017block,
  title={BLOCK CHAIN BASED DATA LOGGING AND INTEGRITY MANAGEMENT SYSTEM FOR CLOUD FORENSICS},
  author={Park, Jun Hak and Park, Jun Young and Huh, Eui Nam},
  journal={Computer Science \& Information Technology},
  pages={149},
  year={2017},
  note={Žiūrėta 2018-05-27.}
}

@misc{DPoS2018feat,
  title={Delegated Proof of Stake: Features & Tradeoffs},
  author={Snider, Myles and Samani, Kyle and Jain, Tushar},
  journal={Multicoin Capital},
  howpublished={\url{https://multicoin.capital/wp-content/uploads/2018/03/DPoS_-Features-and-Tradeoffs.pdf}},
  year={2018},
  note={Žiūrėta 2018-06-02.}
}

@misc{szabo1994smart,
  title={Smart contracts},
  author={Szabo, Nick},
  journal={Unpublished manuscript},
  howpublished={\url{http://www.fon.hum.uva.nl/rob/Courses/InformationInSpeech/CDROM/Literature/LOTwinterschool2006/szabo.best.vwh.net/smart.contracts.html}},
  year={1994},
  note={Žiūrėta 2018-04-21.}
}

@inproceedings{vukolic2015quest,
  title={The quest for scalable blockchain fabric: Proof-of-work vs. BFT replication},
  author={Vukoli{\'c}, Marko},
  booktitle={International Workshop on Open Problems in Network Security},
  pages={112--125},
  year={2015},
  organization={Springer},
  note={Žiūrėta 2018-06-09.}
}